<record><leader>00000cas a22000007a 4500</leader><controlfield tag="001">23257715</controlfield><controlfield tag="008">910318d19631970nyucr ne      0    0eng d</controlfield><datafield ind1=" " ind2=" " tag="010"><subfield code="a">sn 91066203 </subfield></datafield><datafield ind1=" " ind2=" " tag="040"><subfield code="a">NYS</subfield><subfield code="b">eng</subfield><subfield code="c">NYS</subfield><subfield code="d">OCLCQ</subfield></datafield><datafield ind1=" " ind2=" " tag="042"><subfield code="a">msc</subfield></datafield><datafield ind1="0" ind2=" " tag="130"><subfield code="a">Rural news (Dryden, N.Y.)</subfield></datafield><datafield ind1="1" ind2="0" tag="245"><subfield code="a">Rural news.</subfield></datafield><datafield ind1="3" ind2="0" tag="246"><subfield code="a">Tompkins County rural news</subfield></datafield><datafield ind1=" " ind2=" " tag="260"><subfield code="a">Dryden, N.Y. :</subfield><subfield code="b">Inter-County Publishers</subfield></datafield><datafield ind1=" " ind2=" " tag="300"><subfield code="a">16 v. ;</subfield><subfield code="c">43 cm.</subfield></datafield><datafield ind1=" " ind2=" " tag="310"><subfield code="a">Semiweekly</subfield></datafield><datafield ind1=" " ind2=" " tag="321"><subfield code="a">Weekly,</subfield><subfield code="b">Nov. 14, 1963-Mar. 19, 1970</subfield></datafield><datafield ind1="0" ind2=" " tag="362"><subfield code="a">Vol. 34, no. 20 (Nov. 14, 1963)-[1970] no. 49 (May 5, 1970).</subfield></datafield><datafield ind1=" " ind2=" " tag="525"><subfield code="a">Has supplement titled: Compass (Interlaken, N.Y.), 1966-1970.</subfield></datafield><datafield ind1=" " ind2=" " tag="525"><subfield code="a">Has supplement titled: Calendar (Dryden, N.Y.), 1966-1970.</subfield></datafield><datafield ind1=" " ind2="4" tag="651"><subfield code="a">Dryden (N.Y.)</subfield><subfield code="v">Newspapers.</subfield></datafield><datafield ind1="0" ind2="2" tag="740"><subfield code="a">Compass (Interlaken, N.Y.)</subfield></datafield><datafield ind1="0" ind2="2" tag="740"><subfield code="a">Calendar (Dryden, N.Y.)</subfield></datafield><datafield ind1=" " ind2=" " tag="752"><subfield code="a">United States</subfield><subfield code="b">New York</subfield><subfield code="c">Tompkins</subfield><subfield code="d">Dryden.</subfield></datafield><datafield ind1="0" ind2="0" tag="780"><subfield code="t">Tompkins County rural news (Dryden, N.Y. : 1934)</subfield><subfield code="w">(DLC)sn 91066202</subfield><subfield code="w">(OCoLC)23257785</subfield></datafield><datafield ind1="0" ind2="0" tag="785"><subfield code="t">Tompkins County rural news (Dryden, N.Y. : 1970)</subfield><subfield code="w">(DLC)sn 91066156</subfield><subfield code="w">(OCoLC)23103053</subfield></datafield><datafield ind1="1" ind2=" " tag="029"><subfield code="a">AU@</subfield><subfield code="b">000025905210</subfield></datafield></record>